% $Id: pcsets.bib 205 2007-08-14 03:31:02Z mccosar $

@Book{straus,
  author = 	 {Joseph E. Straus},
  title = 	 {Introduction to Post-Tonal Theory},
  publisher = 	 {Pearson Prentice-Hall},
  year = 	 {2005},
  address = 	 {Upper Saddle River, NJ},
  edition = 	 {third}
}

@Book{forte,
  author = 	 {Allen Forte},
  title = 	 {The Structure of Atonal Music},
  publisher = 	 {Yale University Press},
  year = 	 {1973},
  address = 	 {New Haven, CT}
}

@Book{lewin,
  author = 	 {David Lewin},
  title = 	 {Generalized Musical Intervals and Transformations},
  publisher = 	 {Oxford University Press},
  year = 	 {2007},
  address = 	 {Oxford}
}

@Book{levinet,
  author = 	 {Mark Levine},
  title = 	 {The Jazz Theory Book},
  publisher = 	 {Sher Music Company},
  year = 	 {1995},
  address =      {Petaluma, CA}
}

@Book{levinep,
  author = 	 {Mark Levine},
  title = 	 {The Jazz Piano Book},
  publisher = 	 {Sher Music Company},
  year = 	 {1989},
  address =      {Petaluma, CA}
}
